51809
25539
26270
13.48399305343628
0
3
4
5
6
7
8
14
16
17
20
21
22
23
24
25
26
33
34
35
36
37
38
39
46
47
51
52
54
56
57
58
59
60
62
69
70
71
72
73
74
80
83
84
86
88
89
90
91
92
93
101
102
103
104
105
106
107
114
117
118
120
121
122
123
124
125
132
135
136
138
139
140
141
142
149
150
151
152
153
154
155
162
163
164
165
166
167
169
172
177
180
181
183
185
186
187
188
189
197
199
201
202
204
206
207
208
209
210
211
214
219
221
224
225
227
228
229
230
231
233
240
241
242
243
244
245
251
254
255
256
257
258
259
260
266
268
271
272
273
274
275
276
277
285
286
288
290
291
292
293
294
301
302
304
305
306
307
308
310
312
313
319
322
323
325
326
327
328
331
336
337
338
339
340
341
347
349
352
353
354
355
356
357
358
360
367
368
370
371
372
373
374
381
382
384
386
387
388
389
390
392
393
401
402
403
404
405
406
408
412
415
418
419
421
422
423
424
425
430
433
436
437
438
439
440
441
443
449
450
453
454
456
457
458
459
460
467
468
470
471
472
473
474
476
482
485
486
488
489
490
491
492
494
501
502
503
504
505
506
507
511
517
518
519
522
523
524
525
526
527
535
537
540
541
543
545
546
547
548
549
551
554
558
561
562
564
565
566
567
568
574
577
578
579
580
581
582
584
590
593
594
595
596
597
598
599
606
607
608
609
610
611
613
615
621
624
625
627
629
630
631
632
633
636
642
643
644
645
646
647
648
654
656
658
661
662
664
665
666
667
668
674
677
678
679
680
681
682
684
690
691
694
695
697
698
699
700
701
707
710
711
712
713
714
715
717
718
726
727
729
730
731
732
733
735
742
743
745
746
747
748
749
751
758
759
760
761
762
763
764
771
772
773
774
775
776
778
780
785
787
790
791
793
795
796
797
798
799
806
807
808
809
810
811
813
819
822
823
825
826
827
828
829
832
837
840
841
842
843
844
845
846
848
856
857
859
860
861
862
863
869
872
874
877
878
880
881
882
883
884
888
891
892
895
896
898
901
902
904
905
906
907
908
915
916
918
919
920
922
923
927
928
932
935
936
938
939
940
941
942
949
950
951
952
953
954
959
963
964
966
967
968
969
970
971
973
980
981
982
0
3
1
1
1
1
1
6
2
1
3
1
1
1
1
1
1
7
1
1
1
1
1
1
7
1
4
1
2
2
1
1
1
1
2
7
1
1
1
1
1
6
3
1
2
2
1
1
1
1
1
8
1
1
1
1
1
1
7
3
1
2
1
1
1
1
1
7
3
1
2
1
1
1
1
7
1
1
1
1
1
1
7
1
1
1
1
1
2
3
5
3
1
2
2
1
1
1
1
8
2
2
1
2
2
1
1
1
1
1
3
5
2
3
1
2
1
1
1
1
2
7
1
1
1
1
1
6
3
1
1
1
1
1
1
6
2
3
1
1
1
1
1
1
8
1
2
2
1
1
1
1
7
1
2
1
1
1
1
2
2
1
6
3
1
2
1
1
1
3
5
1
1
1
1
1
6
2
3
1
1
1
1
1
1
2
7
1
2
1
1
1
1
7
1
2
2
1
1
1
1
2
1
8
1
1
1
1
1
2
4
3
3
1
2
1
1
1
1
5
3
3
1
1
1
1
1
2
6
1
3
1
2
1
1
1
1
7
1
2
1
1
1
1
2
6
3
1
2
1
1
1
1
2
7
1
1
1
1
1
1
4
6
1
1
3
1
1
1
1
1
8
2
3
1
2
2
1
1
1
1
2
3
4
3
1
2
1
1
1
1
6
3
1
1
1
1
1
2
6
3
1
1
1
1
1
1
7
1
1
1
1
1
2
2
6
3
1
2
2
1
1
1
1
3
6
1
1
1
1
1
1
6
2
2
3
1
2
1
1
1
1
6
3
1
1
1
1
1
2
6
1
3
1
2
1
1
1
1
6
3
1
1
1
1
1
2
1
8
1
2
1
1
1
1
2
7
1
2
1
1
1
1
2
7
1
1
1
1
1
1
7
1
1
1
1
1
2
2
5
2
3
1
2
2
1
1
1
1
7
1
1
1
1
1
2
6
3
1
2
1
1
1
1
3
5
3
1
1
1
1
1
1
2
8
1
2
1
1
1
1
6
3
2
3
1
2
1
1
1
1
4
3
1
3
1
2
3
1
2
1
1
1
1
7
1
2
1
1
2
1
4
1
4
3
1
2
1
1
1
1
7
1
1
1
1
1
5
4
1
2
1
1
1
1
1
2
7
1
1
17
15
13
14
14
15
16
13
16
15
17
16
14
13
14
16
16
12
18
15
12
15
15
18
14
15
14
13
15
15
16
14
15
16
13
14
18
14
13
14
16
13
14
16
15
17
13
13
14
15
16
16
14
17
15
13
14
15
14
15
16
15
12
16
15
13
14
15
17
14
15
12
14
14
15
14
16
16
14
14
14
15
15
16
14
14
17
13
15
13
16
16
15
13
15
14
15
15
13
16
5570
875.778369254739
7702
5980
5980
5980
5980
5980
5980
87
1163
0
2821
2641
0
0
2941
0
0
1064
4275
0
0
1163
0
1778
3705
0
0
1980
0
0
1778
3618
0
0
87
2941
0
0
2641
0
0
2941
87
0
977
3458
0
0
1867
817
0
1865
3618
0
0
1163
0
1778
2641
0
1064
2941
0
0
3458
0
0
4558
0
330
2215
426
0
1163
0
1865
3618
0
0
2941
0
0
4362
0
0
2140
1514
330
2641
0
817
87
2140
0
1844
2641
0
0
3758
0
87
3618
0
0
2941
817
0
1587
1434
1194
1566
1577
1578
1739
1777
1926
1434
0.00026026855029023083
0.000729752337285341